@article{laa2015,
    title = {Generic properties and a criterion of an operator norm},
    author = {T. Saluev and I. Sitdikov},
    journal = {Linear Algebra and Its Applications},
    volume = {485},
    year = {2015},
    pages = {1--20},
    hyphenation = {english}
}

@article{priaj2015,
    title = {
        Variational image deringing using varying regularization parameter
    },
    author = {I. Sitdikov and A. S. Krylov},
    journal = {Pattern Recognition and Image Analysis},
    volume = {25},
    number = {1},
    year = {2015},
    pages = {96--100},
    hyphenation = {english}
}

@inproceedings{pria2013,
    title = {Locally adaptive image deringing},
    author = {I. Sitdikov and A. S. Krylov},
    booktitle = {
        11th International Conference ``Pattern Recognition and Image Analysis:
        New Information Technologies''
    },
    volume = {1},
    year = {2013},
    pages = {322--325},
    address = {Samara, Russia},
    hyphenation = {english}
}

@inproceedings{dspa2013,
    title = {
        Параллельная реализация алгоритмов вычисления областей для анализа
        эффекта ложного оконтуривания на изображениях
    },
    author = {И. Ситдиков and А. В. Насонов and А. С. Крылов and Динг Йонг},
    booktitle = {
        Труды 15-й международной конференции <<Цифровая обработка сигналов и её
        применение>>
    },
    volume = {2},
    year = {2013},
    pages = {55--58},
    address = {Москва},
    hyphenation = {russian}
}
